<record><leader>00000cas a2200000Ma 4500</leader><controlfield tag="001">10989102</controlfield><controlfield tag="008">840726d18731879aluwr ne      0    0eng d</controlfield><datafield ind1=" " ind2=" " tag="010"><subfield code="a">sn 84023516 </subfield></datafield><datafield ind1=" " ind2=" " tag="040"><subfield code="a">AQM</subfield><subfield code="b">eng</subfield><subfield code="c">AQM</subfield><subfield code="d">OCLCQ</subfield></datafield><datafield ind1="0" ind2="4" tag="245"><subfield code="a">The Lafayette clipper.</subfield></datafield><datafield ind1="1" ind2="3" tag="246"><subfield code="a">La Fayette clipper</subfield></datafield><datafield ind1=" " ind2=" " tag="260"><subfield code="a">La Fayette, Ala. :</subfield><subfield code="b">Burnett &amp; Logan</subfield></datafield><datafield ind1=" " ind2=" " tag="300"><subfield code="a">v. ;</subfield><subfield code="c">55 cm.</subfield></datafield><datafield ind1=" " ind2=" " tag="310"><subfield code="a">Weekly</subfield></datafield><datafield ind1="1" ind2=" " tag="362"><subfield code="a">Began in 1873.</subfield><subfield code="z">Cf. Memorial Record of Ala., 1893.</subfield></datafield><datafield ind1="1" ind2=" " tag="362"><subfield code="a">Ceased in 1879?</subfield><subfield code="z">Cf. Ellison, R.C. Hist. and bibl. of Ala. newspapers in the 19th cent.</subfield></datafield><datafield ind1=" " ind2=" " tag="500"><subfield code="a">Editors: Burnett &amp; Logan, &lt;1873&gt;; Burnett &amp; Bledsoe, &lt;1875&gt;; Bledsoe &amp; Richards, &lt;1878&gt;.</subfield></datafield><datafield ind1=" " ind2=" " tag="500"><subfield code="a">Publishers: Burnett &amp; Logan, &lt;1873&gt;; W.C. Bledsoe &amp; T.E. Richards, &lt;1878&gt;.</subfield></datafield><datafield ind1=" " ind2=" " tag="588"><subfield code="a">Description based on: Vol. 1, no. 10 (Apr. 24, 1873).</subfield></datafield><datafield ind1=" " ind2="7" tag="655"><subfield code="a">Newspapers.</subfield><subfield code="2">rbgenr</subfield></datafield><datafield ind1="1" ind2=" " tag="700"><subfield code="a">Burnett, Oliver S.</subfield></datafield><datafield ind1="1" ind2=" " tag="700"><subfield code="a">Bledsoe, W. C.</subfield><subfield code="q">(William Carey),</subfield><subfield code="d">b. 1847.</subfield></datafield><datafield ind1="1" ind2=" " tag="700"><subfield code="a">Richards, T. E.</subfield></datafield><datafield ind1=" " ind2=" " tag="752"><subfield code="a">United States</subfield><subfield code="b">Alabama</subfield><subfield code="c">Chambers</subfield><subfield code="d">Lafayette.</subfield></datafield><datafield ind1="0" ind2="0" tag="785"><subfield code="t">Fayette sun</subfield></datafield><datafield ind1="1" ind2=" " tag="029"><subfield code="a">AU@</subfield><subfield code="b">000025824878</subfield></datafield></record>